@techreport{cisco2011,
author = {Evans, D},
booktitle = {Cisco Internet Business Solutions Group (IBSG)},
mendeley-groups = {Reading,Edge Computing/Visionary},
pages = {1--11},
title = {The Internet of Things: How the Next Evolution of the Internet is Changing Everything},
url = {https://www.cisco.com/c/dam/en{\_}us/about/ac79/docs/innov/IoT{\_}IBSG{\_}0411FINAL.pdf},
volume = {1},
year = {2011}
}

@inproceedings{GlobalAnalytics2015,
address = {Oakland, CA},
author = {Vulimiri, Ashish and Curino, Carlo and Godfrey, P Brighten and Jungblut, Thomas and Padhye, Jitu and Varghese, George},
booktitle = {12th {\{}USENIX{\}} Symposium on Networked Systems Design and Implementation ({\{}NSDI{\}} 15)},
isbn = {978-1-931971-218},
mendeley-groups = {Edge Computing},
pages = {323--336},
publisher = {{\{}USENIX{\}} Association},
title = {{Global Analytics in the Face of Bandwidth and Regulatory Constraints}},
url = {https://www.usenix.org/conference/nsdi15/technical-sessions/presentation/vulimiri},
year = {2015}
}

@inproceedings{cisco2012,
address = {New York, NY, USA},
author = {Bonomi, Flavio and Milito, Rodolfo and Zhu, Jiang and Addepalli, Sateesh},
booktitle = {Proceedings of the First Edition of the MCC Workshop on Mobile Cloud Computing},
doi = {10.1145/2342509.2342513},
isbn = {978-1-4503-1519-7},
keywords = {analytics,cloud computing,fog computing,iot,real time systems,software defined networks,wsan},
mendeley-groups = {Edge Computing/Visionary},
pages = {13--16},
publisher = {ACM},
series = {MCC '12},
title = {{Fog Computing and Its Role in the Internet of Things}},
url = {http://doi.acm.org/10.1145/2342509.2342513},
year = {2012}
}

@incollection{Mahmud2018,
address = {Singapore},
author = {Mahmud, Redowan and Kotagiri, Ramamohanarao and Buyya, Rajkumar},
booktitle = {Internet of Everything: Algorithms, Methodologies, Technologies and Perspectives},
doi = {10.1007/978-981-10-5861-5_5},
editor = {{Di Martino}, Beniamino and Li, Kuan-Ching and Yang, Laurence T and Esposito, Antonio},
isbn = {978-981-10-5861-5},
mendeley-groups = {Reading,Edge Computing/Visionary,Edge Computing/Surveys},
pages = {103--130},
publisher = {Springer Singapore},
title = {{Fog Computing: A Taxonomy, Survey and Future Directions}},
url = {https://doi.org/10.1007/978-981-10-5861-5{\_}5},
year = {2018}
}

@article{Shi2016,
author = {Shi, W and Cao, J and Zhang, Q and Li, Y and Xu, L},
doi = {10.1109/JIOT.2016.2579198},
issn = {2327-4662 VO - 3},
journal = {IEEE Internet of Things Journal},
keywords = {Bandwidth,Cloud computing,Data privacy,Edge computing,Internet of Things,Internet of Things (IoT),Internet of things,Mobile handsets,Smart homes,Time factors,bandwidth cost saving,battery life constraint,cloud computing,cloud offloading,cloud services,data privacy,data processing,data safety,edge computing,response time requirement,smart cities,smart city,smart home,smart home and city},
mendeley-groups = {Edge Computing,Edge Computing/Visionary},
number = {5},
pages = {637--646},
title = {{Edge Computing: Vision and Challenges}},
volume = {3},
year = {2016}
}

@article{GarciaLopez2015,
address = {New York, NY, USA},
author = {{Garcia Lopez}, Pedro and Montresor, Alberto and Epema, Dick and Datta, Anwitaman and Higashino, Teruo and Iamnitchi, Adriana and Barcellos, Marinho and Felber, Pascal and Riviere, Etienne},
doi = {10.1145/2831347.2831354},
issn = {0146-4833},
journal = {SIGCOMM Comput. Commun. Rev.},
keywords = {cloud computing,decentralized systems,fog computing,peer-to-peer},
mendeley-groups = {Edge Computing/Visionary},
month = {sep},
number = {5},
pages = {37--42},
publisher = {ACM},
title = {{Edge-centric Computing: Vision and Challenges}},
url = {http://doi.acm.org/10.1145/2831347.2831354},
volume = {45},
year = {2015}
}

@article{Carney2011,
author = {Carney, Paul R and Myers, Stephen and Geyer, James D},
doi = {10.1016/j.yebeh.2011.09.001},
issn = {1525-5069},
journal = {Epilepsy {\&} behavior : E{\&}B},
language = {eng},
month = {dec},
number = {Suppl 1},
pages = {S94--S101},
title = {{Seizure prediction: methods}},
url = {https://www.ncbi.nlm.nih.gov/pubmed/22078526 https://www.ncbi.nlm.nih.gov/pmc/PMC3233702/},
volume = {22 Suppl 1},
year = {2011}
}

@inproceedings{egads,
		title={Generic and Scalable Framework for Automated Time-series Anomaly Detection},
		author={Laptev, Nikolay and Amizadeh, Saeed and Flint, Ian},
		booktitle={Proceedings of the 21th ACM SIGKDD International Conference on Knowledge Discovery and Data Mining},
		pages={1939--1947},
		year={2015},
		organization={ACM}
}

@phdthesis{DiabAbdulgalil2018,
author = {{Diab Abdulgalil}, Huda},
file = {:C$\backslash$:/Users/a{\_}izadeh/Downloads/2018{\_}msc{\_}A multi-tier distributed fog-based architecture for early prediction of epileptic seizures.pdf:pdf},
mendeley-groups = {Fog Computing/Theses},
publisher = {UWSpace},
school = {University of Waterloo},
title = {{A Multi-Tier Distributed fog-based Architecture for Early Prediction of Epileptic Seizures}},
url = {http://hdl.handle.net/10012/13020},
year = {2018}
}

@article{PhysRevE.64.061907,
  title = {Indications of nonlinear deterministic and finite-dimensional structures in time series of brain electrical activity: Dependence on recording region and brain state},
  author = {Andrzejak, Ralph G. and Lehnertz, Klaus and Mormann, Florian and Rieke, Christoph and David, Peter and Elger, Christian E.},
  journal = {Phys. Rev. E},
  volume = {64},
  issue = {6},
  pages = {061907},
  numpages = {8},
  year = {2001},
  month = {Nov},
  publisher = {American Physical Society},
  doi = {10.1103/PhysRevE.64.061907},
  url = {https://link.aps.org/doi/10.1103/PhysRevE.64.061907}
}

@misc{UCIDataset,
  title = {Epileptic Seizure Recognition Data Set},
  author = {Wu, Qiuyi and Fokoue, Ernest},
  howpublished = {\url{https://archive.ics.uci.edu/ml/datasets/Epileptic+Seizure+Recognition}},
  note = {Accessed: 2019-04-15}
}

@inproceedings{Tang:2015,
address = {New York, NY, USA},
author = {Tang, Bo and Chen, Zhen and Hefferman, Gerald and Wei, Tao and He, Haibo and Yang, Qing},
booktitle = {Proceedings of the ASE BigData {\&}{\#}38; SocialInformatics 2015},
doi = {10.1145/2818869.2818898},
file = {:C$\backslash$:/Users/Ali/AppData/Local/Mendeley Ltd./Mendeley Desktop/Downloaded/Tang et al. - 2015 - A Hierarchical Distributed Fog Computing Architecture for Big Data Analysis in Smart Cities.pdf:pdf},
isbn = {978-1-4503-3735-9},
keywords = {Fog computing,big data analysis,data processing,distributed computing architecture,pipeline safety monitoring,smart city},
mendeley-groups = {Fog Computing/Data Processing},
mendeley-tags = {data processing},
pages = {28:1----28:6},
publisher = {ACM},
series = {ASE BD{\&}{\#}38;SI '15},
title = {{A Hierarchical Distributed Fog Computing Architecture for Big Data Analysis in Smart Cities}},
url = {http://doi.acm.org/10.1145/2818869.2818898},
year = {2015}
}

@article{iFogSim,
author = {Gupta, Harshit and {Vahid Dastjerdi}, Amir and Ghosh, Soumya K and Buyya, Rajkumar},
doi = {10.1002/spe.2509},
file = {:C$\backslash$:/Users/a{\_}izadeh/AppData/Local/Mendeley Ltd./Mendeley Desktop/Downloaded/Gupta et al. - 2017 - iFogSim A toolkit for modeling and simulation of resource management techniques in the Internet of Things, Edge an.pdf:pdf},
journal = {Software: Practice and Experience},
keywords = {Edge computing,Fog computing,Internet of Things (IoT),modeling and simulation},
mendeley-groups = {Fog Computing/Tools},
number = {9},
pages = {1275--1296},
title = {{iFogSim: A toolkit for modeling and simulation of resource management techniques in the Internet of Things, Edge and Fog computing environments}},
url = {https://onlinelibrary.wiley.com/doi/abs/10.1002/spe.2509},
volume = {47},
year = {2017}
}
