@article{Carney2011,
author = {Carney, Paul R and Myers, Stephen and Geyer, James D},
doi = {10.1016/j.yebeh.2011.09.001},
issn = {1525-5069},
journal = {Epilepsy {\&} behavior : E{\&}B},
language = {eng},
month = {dec},
number = {Suppl 1},
pages = {S94--S101},
title = {{Seizure prediction: methods}},
url = {https://www.ncbi.nlm.nih.gov/pubmed/22078526 https://www.ncbi.nlm.nih.gov/pmc/PMC3233702/},
volume = {22 Suppl 1},
year = {2011}
}

@inproceedings{egads,
		title={Generic and Scalable Framework for Automated Time-series Anomaly Detection},
		author={Laptev, Nikolay and Amizadeh, Saeed and Flint, Ian},
		booktitle={Proceedings of the 21th ACM SIGKDD International Conference on Knowledge Discovery and Data Mining},
		pages={1939--1947},
		year={2015},
		organization={ACM}
}

@techreport{cisco2011,
author = {Evans, D},
booktitle = {Cisco Internet Business Solutions Group (IBSG)},
mendeley-groups = {Reading,Edge Computing/Visionary},
pages = {1--11},
title = {{The Internet of Things: How the Next Evolution of the Internet is Changing Everything}},
url = {https://www.cisco.com/c/dam/en{\_}us/about/ac79/docs/innov/IoT{\_}IBSG{\_}0411FINAL.pdf},
volume = {1},
year = {2011}
}

@phdthesis{DiabAbdulgalil2018,
author = {{Diab Abdulgalil}, Huda},
file = {:C$\backslash$:/Users/a{\_}izadeh/Downloads/2018{\_}msc{\_}A multi-tier distributed fog-based architecture for early prediction of epileptic seizures.pdf:pdf},
mendeley-groups = {Fog Computing/Theses},
publisher = {UWSpace},
school = {University of Waterloo},
title = {{A Multi-Tier Distributed fog-based Architecture for Early Prediction of Epileptic Seizures}},
url = {http://hdl.handle.net/10012/13020},
year = {2018}
}

@article{PhysRevE.64.061907,
  title = {Indications of nonlinear deterministic and finite-dimensional structures in time series of brain electrical activity: Dependence on recording region and brain state},
  author = {Andrzejak, Ralph G. and Lehnertz, Klaus and Mormann, Florian and Rieke, Christoph and David, Peter and Elger, Christian E.},
  journal = {Phys. Rev. E},
  volume = {64},
  issue = {6},
  pages = {061907},
  numpages = {8},
  year = {2001},
  month = {Nov},
  publisher = {American Physical Society},
  doi = {10.1103/PhysRevE.64.061907},
  url = {https://link.aps.org/doi/10.1103/PhysRevE.64.061907}
}

@misc{UCIDataset,
  title = {Epileptic Seizure Recognition Data Set},
  howpublished = {\url{https://archive.ics.uci.edu/ml/datasets/Epileptic+Seizure+Recognition}},
  note = {Accessed: 2019-04-15}
}